<record><leader>00000cas a22000007a 4500</leader><controlfield tag="001">18579701</controlfield><controlfield tag="008">881007d19091912mduwr ne      0    0eng d</controlfield><datafield ind1=" " ind2=" " tag="010"><subfield code="a">sn 88065091 </subfield></datafield><datafield ind1=" " ind2=" " tag="040"><subfield code="a">MFN</subfield><subfield code="b">eng</subfield><subfield code="c">MFN</subfield><subfield code="d">OCLCQ</subfield></datafield><datafield ind1=" " ind2=" " tag="042"><subfield code="a">msc</subfield></datafield><datafield ind1="0" ind2="4" tag="245"><subfield code="a">The Baltimore County union, the Towson news.</subfield></datafield><datafield ind1=" " ind2=" " tag="260"><subfield code="a">Towson, Md. :</subfield><subfield code="b">Union News Pub. Co.,</subfield><subfield code="c">1909-1912.</subfield></datafield><datafield ind1=" " ind2=" " tag="300"><subfield code="a">v.</subfield></datafield><datafield ind1=" " ind2=" " tag="310"><subfield code="a">Weekly</subfield></datafield><datafield ind1="0" ind2=" " tag="362"><subfield code="a">Vol. 60, no. 2330 (Sept. 4, 1909)-v. 63, no. 2474 (June 8, 1912).</subfield></datafield><datafield ind1=" " ind2=" " tag="752"><subfield code="a">United States</subfield><subfield code="b">Maryland</subfield><subfield code="c">Baltimore</subfield><subfield code="d">Towson.</subfield></datafield><datafield ind1="0" ind2="4" tag="780"><subfield code="t">Baltimore County union</subfield><subfield code="w">(DLC)sn 83016368</subfield></datafield><datafield ind1="0" ind2="4" tag="780"><subfield code="t">Towson news</subfield><subfield code="w">(DLC)sn 88065090</subfield></datafield><datafield ind1="0" ind2="0" tag="785"><subfield code="t">Union news (Towson, Md.)</subfield><subfield code="w">(DLC)sn 88065113</subfield></datafield></record>